@inproceedings{jia2017contexiot,
  title={{ContexIoT: Towards Providing Contextual Integrity to Appified IoT Platforms}},
  author={Yunhan Jack Jia and Qi Alfred Chen and Shiqi Wang and Amir Rahmati and Earlence Fernandes and Z. Morley Mao and Atul Prakash},
  booktitle={Proceedings of the 21st Network and Distributed System Security Symposium (NDSS'17)},
  year={2017},
  month = {February},
  address = {San Diego, CA}
}
