@inproceedings{jia17towards,
  title={{Dissecting HAS VOD Services for Cellular: Performance, Root Causes and Best Practices}},
  author={Shichang Xu, Yunhan Jack Jia, Z. Morley Mao, Subhabrata Sen},
  booktitle={Proceedings of the 17th Internet Measurement Conference (IMC'17)},
  year={2017},
  month = {Octomber},
  address = {London, UK}
}
