@inproceedings{shao16misuse,
  title={{The Misuse of Android Unix Domain Sockets and Security Implications}},
  author={Yuru Shao and Jason Ott and Yunhan Jack Jia and Zhiyun Qian and Zhuoqing Morley Mao},
  booktitle={Proceedings of the 22nd ACM Conference on Computer and Communications Security (CCS'16)},
  year={2016},
  month = {October},
  address = {Vienna, Austria}
}
