@inproceedings{jia2017open,
  title={{Open Doors for Bob and Mallory: Open Port Usage in Android Apps and Security Implications}},
  author={Yunhan Jack Jia and Qi Alfred Chen and Yikai Lin and Chao Kong and Z. Morley Mao},
  booktitle={Proceedings of the 2nd IEEE European Symposium on Security and Privacy (EuroS\&P'17)},
  year={2017},
  month = {April},
  address = {Paris, France}
}
