@inproceedings{jia2015performance,
  title={{Performance Characterization and Call Reliability Problem Diagnosis for Voice over LTE}},
  author={Yunhan Jack Jia and Qi Alfred Chen and Zhuoqing Morley Mao and Jie Hui and Kranthi Sontineni and Alex Yoon and Samson Kwong and Kevin Lau},
  booktitle={Proceedings of the 21th ACM Annual International Conference on Mobile Computing and Networking (Mobicom'15)},
  year={2015},
  month = {September},
  address = {Paris, France}
}
