@inproceedings{ccs:2015:alfred:packetguardian,
  title={{Static Detection of Packet Injection Vulnerabilities -- A Case for Identifying Attacker-controlled Implicit Information Leaks}},
  author={Qi Alfred Chen and Zhiyun Qian and Yunhan Jia and Yuru Shao and Zhuoqing Morley Mao},
  booktitle={Proceedings of the 22nd ACM Conference on Computer and Communications Security (CCS'15)},
  year={2015},
  month = {October},
  address = {Denver, CO}
}
