@inproceedings{jia17towards,
  title={{Towards Secure and Safe Appified Automated Vehicles}},
  author={Yunhan Jack Jia and Ding Zhao and Qi Alfred Chen and Z. Morley Mao},
  booktitle={Proceedings of the 28th IEEE Intelligent Vehicle Symposium (IV'17)},
  year={2017},
  month = {June},
  address = {Redondo Beach, US}
}
