@inproceedings{zhao17trafficnet,
  title={{TrafficNet: An Open Naturalistic Driving Scenario Library}},
  author={Ding Zhao, Yaohui Guo, Yunhan Jack Jia},
  booktitle={Proceedings of the IEEE 20th International Conference on Intelligent Transportation System Conference (ITSC'17)},
  year={2017},
  month = {October},
  address = {Yokohama, Japan}
}
